% This file was created with Citavi 6.7.0.0

% This file was created with Citavi 6.7.0.0

@book{Anderson.2011,
 author = {Anderson, David R. and Sweeney, Dennis J. and Williams, Thomas A.},
 year = {2011},
 title = {Statistics for business {\&} economics},
 address = {Boston},
 edition = {11},
 publisher = {{Cengage Learning}},
 isbn = {9781337901062},
 file = {http://www.worldcat.org/oclc/1105745869}
}


@article{Chaudhuri.2009,
 author = {Chaudhuri, Ananish and Schotter, Andrew and Sopher, Barry},
 year = {2009},
 title = {Talking Ourselves to Efficiency : Coordination in Inter-Generational Minimum Games with Private, Almost Common and Common Knowledge of Advice},
 url = {https://www.researchgate.net/publication/23646059_Talking_Ourselves_to_Efficiency_Coordination_in_Inter-Generational_Minimum_Effort_Games_with_Private_Almost_Common_and_Common_Knowledge_of_Advice},
 pages = {91--122},
 volume = {119},
 number = {531},
 journal = {The Economic Journal}
}


@article{Engelmann.2010,
 author = {Engelmann, Dirk and Normann, Hans-Theo},
 year = {2010},
 title = {Maximum effort in the minimum-effort game},
 url = {https://link.springer.com/article/10.1007/s10683-010-9239-3},
 pages = {249--259},
 volume = {13},
 number = {1},
 journal = {Experimental Economics}
}


@misc{Gachter.2015,
 author = {G{\"a}chter, Simon and Starmer, Chris and Tufano and Fabio},
 date = {2015},
 title = {Measuring the Closeness of Relationships: A Comprehensive Evaluation of the 'Inclusion of the Other in the Self' Scale},
 url = {https://journals.plos.org/plosone/article?id=10.1371/journal.pone.0129478},
 institution = {{PLOS ONE}}
}


@book{Holt.2007,
 author = {Holt, Charles A.},
 year = {2007},
 title = {Market, Games {\&} Strategic Behavior},
 address = {Boston},
 edition = {1},
 publisher = {{Pearson-Addison Wesley}},
 institution = {{Pearson-Addison Wesley}}
}


@book{Jacquemet.2018,
 author = {Jacquemet, Nicolas and L'Haridon, Olivier},
 year = {2018},
 title = {Experimental Economics: Method and Applications},
 address = {Cambridge},
 edition = {1},
 publisher = {{Cambridge University Press}}
}


@book{Mankiw.2017,
 author = {Mankiw, Gregory N.},
 year = {2017},
 title = {Principios de Econom{\'i}a},
 address = {Boston},
 edition = {7},
 publisher = {{Cengage Learning}}
}


@article{Nalbantian.1997,
 author = {Nalbantian, Haig R. and Schotter, A.},
 year = {1997},
 title = {Productivity Under Group Incentives: An Experimental Study},
 pages = {314--341},
 volume = {87},
 number = {3},
 journal = {American Economic Review}
}


@book{Robbins.2013,
 author = {Robbins, Stephen P. and Judge, Tim},
 year = {2013},
 title = {Comportamiento organizacional},
 address = {M{\'e}xico D.F.},
 edition = {15},
 publisher = {{Pearson Educaci{\'o}n}},
 isbn = {9786073219808},
 file = {http://www.worldcat.org/oclc/954074812}
}


@book{Ross.2018,
 author = {Ross, Stephen A. and Westerfield, Randolph W. and Jaffe, Jeffrey F. and Bradford, Jordan D.},
 year = {2018},
 title = {Finanzas Corporativas},
 address = {M{\'e}xico D.F.},
 edition = {11},
 volume = {1},
 publisher = {McGraw-Hill},
 institution = {McGraw-Hill}
}


@article{vanHuyck.1990,
 author = {{van Huyck}, John B. and Battalio, Raymond C. and Beil, Richard O.},
 year = {1990},
 title = {Tacit Coordination Games, Strategic Uncertainty, and Coordination Failure},
 url = {http://www.dklevine.com/archive/refs4661465000000000393.pdf},
 pages = {234--248},
 volume = {80},
 number = {1},
 journal = {The American Economic Review}
}


@misc{Weidenholzer.12282012,
 author = {Weidenholzer, Elke},
 date = {2012},
 title = {Minimum Effort Game Experiment With Children},
 url = {http://www.stiftung.at/wp-content/uploads/2012/06/2012-Minimum-Effort-Game-Experiment-with-children-2.pdf},
 address = {Vienna},
 edition = {1},
 institution = {{University of Vienna}}
}


