% This file was created with Citavi 6.2.0.12

@misc{commoditiesdemystifiedtrafigura,
 author = {Trafigura},
 date = {2018},
 title = {Commodities Demystified: A Guide to Trading and the Global Supply Chain},
 url = {https://www.commoditiesdemystified.info/pdf/CommoditiesDemystified-en.pdf#Commodities-Demystified},
 edition = {2},
 institution = {Trafigura}
}


@book{contahorngren,
 author = {Nobles, Tracie and Mattison, Brenda and Matsumura, Ella Mae Matsumura},
 year = {2016},
 title = {Contabilidad de Horngren},
 url = {https://ebookcentral.proquest.com/lib/gbv/detail.action?docID=4909242},
 address = {Bogot{\'a}},
 urldate = {20/10/2018},
 edition = {10},
 publisher = {{Pearson Educaci{\'o}n}},
 isbn = {9789586993067},
 institution = {{Pearson Educaci{\'o}n}}
}


@article{elsectorserrano,
 author = {Serrano, Juan Carlos},
 year = {2011},
 title = {El sector servicios en la econom{\'i}a global: transformaciones y consecuencias: Temario de oposiciones de Geograf{\'i}a e Historia},
 url = {http://clio.rediris.es/n37/oposiciones2/tema08.pdf},
 pages = {1--17},
 number = {37},
 journal = {Cl{\'i}o}
}


@misc{directoriodeinstitutodeestadisticaycensos,
 author = {{Instituto Nacional de Estad{\'i}stica y Censos}},
 date = {2016},
 title = {Directorio de Empresas y Establecimientos-2016},
 url = {http://www.ecuadorencifras.gob.ec/documentos/web-inec/Estadisticas_Economicas/DirectorioEmpresas/Directorio_Empresas_2016/Principales_Resultados_DIEE_2016.pdf},
 address = {Quito},
 urldate = {20/10/2018},
 edition = {3},
 institution = {{Instituto Nacional de Estad{\'i}stica y Censos}}
}


@misc{directoriodeinstitutodeestadisticaycensosb,
 author = {{Instituto Nacional de Estad{\'i}stica y Censos}},
 date = {2016},
 title = {Directorio de Empresas y Establecimientos 2016},
 url = {https://view.officeapps.live.com/op/view.aspx?src=http://www.ecuadorencifras.gob.ec/documentos/web-inec/Estadisticas_Economicas/DirectorioEmpresas/Directorio_Empresas_2016/Tabulados_DIEE2016.xlsx},
 address = {Quito},
 urldate = {20/10/2018},
 edition = {1},
 institution = {{Instituto Nacional de Estad{\'i}stica y Censos}}
}

@misc{clasificaciondeinstitutonacionaldeestadisticaycensos,
 author = {{Instituto Nacional de Estad{\'i}stica y Censos}},
 title = {Clasificaci{\'o}n de Actividad CIIU 4.0},
 url = {http://www.ecuadorencifras.gob.ec//wp-content/descargas/Estadisticas_economicas/descarga_INEC/Clasificaci%f3n+de+actividad+CIIU+4.0.pdf},
 address = {Quito},
 urldate = {23/10/2018},
 edition = {4},
 institution = {{Instituto Nacional de Estad{\'i}stica y Censos}}
}


@misc{vanguardia,
 author = {Vanguardia},
 year = {14/01/2018},
 url = {https://vanguardia.com.mx/articulo/que-son-las-empresas-fantasma},
 urldate = {23/10/2018}
}





@misc{dolarbce,
 author = {{Direcci{\'o}n General de Estudios}},
 date = {2010},
 title = {La Econom{\'i}a Ecuatoriana Luego de 10 A{\~n}os de Dolarizaci{\'o}n},
 url = {https://contenido.bce.fin.ec/documentos/PublicacionesNotas/Notas/Dolarizacion/Dolarizacion10anios.pdf},
 address = {Quito},
 urldate = {20/10/2018},
 edition = {1},
 institution = {{Banco Central del Ecuador}}
}


@misc{20002014inec,
 author = {Le{\'o}n, Mauricio},
 title = {Ecuador, 1990-2014: Crecimiento, pobreza, productividad y cambio estructural: Reporte de Pobreza por consumo Ecuador 2006-2014},
 date={2016},
 url = {http://www.ecuadorencifras.gob.ec//documentos/web-inec/Estudios%20e%20Investigaciones/Pobreza_y_desdigualdad/1.Reporte-Ecuador_1990-2014.pdf},
 address = {Quito},
 urldate = {21/10/2018},
 edition = {1},
 institution = {{Instituto Nacional de Estad{\'i}stica y Censos}}
}

@article{cuestionesbce,
 author = {{Pa{\'e}z Vallejo}, Luis Alberto},
 year = {2017},
 title = {Assesing the effect of commodity price shocks in the macroeconomic performance  and fiscal outcomes in Latin American countries},
 url = {https://www.bce.fin.ec/cuestiones_economicas/images/PDFS/2017/No2/Assessing%20the%20efect%20of%20commodity%20price%20shocks%20in%20the%20macroeconomic%20performance%20and%20fiscal%20aoutcomes%20in%20Latin%20America%20countries.pdf},
 urldate = {21/10/2018},
 pages = {143--170},
 volume = {27},
 number = {2:2},
 journal = {Cuestiones Econ{\'o}micas}
}
@article{elcrecimientocorporaciondeestudiosparaeldesarrollo,
 author = {{Corporaci{\'o}n de Estudios para el Desarrollo}},
 year = {2018},
 title = {El crecimiento de 2017: un resultado para tomar con pinzas},
 url = {https://www.cordes.org/publicacion/opina/2018/Abril/El%20crecimiento%20de%202017%20un%20resultado%20para%20tomar%20con%20pinzas.pdf},
 urldate = {20/10/2018},
 pages = {1--2},
 volume = {17},
 journal = {CORDES opina}
}


@book{estadisticaanderson,
 author = {Anderson, David R. and Sweenney, Dennis J. and Williams, Thomas A.},
 year = {2012},
 title = {Estad{\'i}stica para negocios y econom{\'i}a},
 keywords = {Econom{\'i}a matem{\'a}tica;Estad{\'i}stica matem{\'a}tica;Probabilidaes},
 address = {M{\'e}xico D.F. (M{\'e}xico)},
 edition = {11a ed.},
 publisher = {{Cengage Learning}},
 isbn = {9786074816419}
}


@misc{guiaderevistaekos,
 author = {{Revista Ekos}},
 date = {2017},
 title = {Ranking Empresarial: Gu{\'i}a de Negocios},
 url = {http://www.ekosnegocios.com/empresas/rankingecuador.aspx},
 address = {Quito},
 institution = {{Revista Ekos}}
}


@article{hechosluciopablo,
 author = {Lucio-Paredes, Pablo},
 year = {2012},
 title = {Hechos y visiones de la econom{\'i}a ecuatoriana desde 2007},
 url = {http://www.usfq.edu.ec/publicaciones/koyuntura/Paginas/revistas/koyuntura029.aspx},
 urldate = {20/10/2018},
 pages = {1--3},
 volume = {29},
 journal = {Koyuntura-Revista del Instituto de Econom{\'i}a USFQ}
}

@article{ladesaceleracioncorporaciondeestudiosparaeldesarrollo,
 author = {{Corporaci{\'o}n de Estudios para el Desarrollo}},
 year = {2018},
 title = {La desaceleraci{\'o}n de la econom{\'i}a: una etapa ineludible que no garantiza {\'e}xito},
 url = {https://www.cordes.org/publicacion/opina/2018/Septiembre/La%20desaceleracion%20de%20la%20economia,%20una%20etapa%20ineludible%20que%20no%20garantiza%20exito.pdf},
 urldate = {21/10/2018},
 pages = {1},
 number = {17},
 journal = {CORDES opina}
}

% This file was created with Citavi 6.2.0.12

@article{analisisdecontrairas,
 author = {Contreras, Ismaira},
 year = {2006},
 title = {An{\'a}lisis de la rentabilidad econ{\'o}mica (ROI) Y financiera (ROE) en empresas y en un contexto inflacionario},
 url = {http://www.redalyc.org/pdf/4655/465545874003.pdf},
 pages = {13--28},
 number = {1},
 journal = {Visi{\'o}n Gerencial}
}


@misc{memoriaanualbancocentraldelecuador,
 author = {{Banco Central del Ecuador}},
 title = {Memoria Anual 1999},
 url = {https://contenido.bce.fin.ec/documentos/PublicacionesNotas/Catalogo/Memoria/1999/cap2.pdf},
 address = {Quito},
 edition = {1},
 institution = {{Banco Central del Ecuador}}
}

@misc{iembce,
 author = {{Banco Central del Ecuador}},
 date = {2018},
 title = {Informaci{\'o}n Estad{\'i}stica Mensual},
 url = {https://contenido.bce.fin.ec/home1/estadisticas/bolmensual/IEMensual.jsp},
 address = {Quito},
 urldate = {20/10/2018},
 edition = {1999},
 institution = {{Banco Central del Ecuador}}
}


@phdthesis{impactodealbarracinmendez&ullaurihernandez,
 author = {{Albarrac{\'i}n M{\'e}ndez}, Jenny Pilar and {Ullauri Hern{\'a}ndez}, Diana},
 year = {2010},
 title = {Impacto de las exportaciones petroleras en el desarrollo de la econom{\'i}a ecuatoriana durante el peri{\'o}do 1972-2007},
 url = {http://dspace.ucuenca.edu.ec/bitstream/123456789/995/1/teco690.pdf},
 address = {Cuenca},
 urldate = {20/10/2018},
 publisher = {Facultad de Ciencias Econ{\'o}micas y Administrativas},
 school = {{Universidad de Cuenca}},
 type = {Tesis de Pregrado}
}

% This file was created with Citavi 6.2.0.12

@book{internationaltradekrugman&obstfeld&melitz,
 author = {Krugman, Paul R. and Obstfeld, Maurice and Melitz, Marc J.},
 year = {2015},
 title = {International trade: Theory and policy},
 keywords = {Au{\ss}enwirtschaft;Au{\ss}enwirtschaftstheorie;International economic relations;International finance;Welthandel;Weltwirtschaft},
 address = {Boston},
 edition = {10. ed.},
 publisher = {Pearson},
 isbn = {9780133423679},
 series = {The Pearson series in economics}
}





@misc{indicadoresupercias,
 author = {{Superintendencia de Compa{\~n}{\'i}as, Seguros y Valores}},
 date = {2017},
 title = {Indicadores Financieros Compa{\~n}{\'i}as Activas},
 url = {http://appscvsmovil.supercias.gob.ec/portalInformacion/sector_societario.zul},
 address = {Quito},
 urldate = {20/10/2018},
 institution = {{Superintendencia de Compa{\~n}{\'i}as, Seguros y Valores}}
}


@article{laeramosquera&vaca,
 author = {Mosquera, Roberto and Vaca, Luis Antonio},
 year = {2014},
 title = {La era Correa: evaluaci{\'o}n macroecon{\'o}mica 2006-2012 y perspectivas},
 url = {https://www.udla.edu.ec/cie/wp-content/uploads/2015/06/Art.-8-Mosquera-y-Vaca-Era-Correa.pdf},
 urldate = {20/10/2018},
 pages = {129--140},
 volume = {1},
 journal = {Valor Agregado: Revista para la Docencia de Ciencias Econ{\'o}micas y Administrativas en el Ecuador}
}

@article{deficitfiscaldavalos,
 author = {D{\'a}valos, Pablo},
 year = {2018},
 title = {D{\'e}ficit fiscal, crecimiento econ{\'o}mico y dolarizaci{\'o}n: Los puntos ciegos del consenso neoliberal},
 url = {https://huellaeconomica.utpl.edu.ec/wp-content/uploads/2018/07/HE_Jun2018_D%C3%A1valos.pdf},
 urldate = {21/10/2018},
 pages = {4--21},
 volume = {3},
 journal = {Huella econ{\'o}mica}
}


@misc{latrampalatorre&hidalgopallares,
 author = {{de La Torre}, Augusto and {Hidalgo Pallares}, Jos{\'e}},
 date = {2017},
 title = {La Trampa que Asfixia a la Econom{\'i}a Ecuatoriana},
 url = {https://www.cordes.org/images/publicaciones/otras/Trampa.pdf},
 address = {Quito},
 urldate = {20/10/2018},
 edition = {1},
 institution = {{Corporaci{\'o}n de Estudios para el Desarrollo}}
}


@misc{manualpararevistaekos,
 author = {{Revista Ekos}},
 date = {2017},
 title = {Manual para la elaboraci{\'o}n del Ranking 5000},
 url = {http://ekosnegocios.com/empresas/especiales/documentos/RK5000-2016.pdf},
 address = {Quito},
 urldate = {20/10/2018},
 institution = {{Revista Ekos}}
}


@misc{metodologiaiem,
 author = {{Abarca Runruil}, Madeleine and {Artola Jarr{\'i}n}, Ver{\'o}nica and {Rosero Enr{\'i}quez}, Robertho},
 date = {2017},
 title = {Metodolog{\'i}a: Informaci{\'o}n Estad{\'i}stica Mensual},
 url = {https://www.bce.fin.ec/index.php/component/k2/item/326-notas-metodol%C3%B3gicas},
 address = {Quito},
 urldate = {20/10/2018},
 edition = {4},
 institution = {{Banco Central del Ecuador}}
}


@misc{metodologiaindicadoresfinancierossuperintendenciadecompanias,
 author = {{Superintendencia de Compa{\~n}{\'i}as, Seguros y Valores}},
 title = {Metodolog{\'i}a- Indicadores Financieros Compa{\~n}{\'i}as Activas},
 url = {http://reporteria.supercias.gob.ec/portal/samples/images/docs/tabla_indicadores.pdf},
 address = {Quito},
 urldate = {20/10/2018},
 edition = {1},
 institution = {{Superintendencia de Compa{\~n}{\'i}as, Seguros y Valores}}
}


@misc{minitabryan&ryan&joiner,
 author = {Ryan, Barbara F. and Ryan, JR., Thomas and Joiner, Brian L.},
 year = {2017},
 title = {Minitab},
 url = {http://www.minitab.com/es-mx/},
 urldate = {20/10/2018},
 publisher = {{Pennsylvania State University}}
}


@book{paislibro,
 author = {Amoroso, Ximena and Andino, Mauro Alejandro and {Arauz, Andr{\'e}s, Carrasco, Carlos Marx} and Carvajal, Sebasti{\'a}n and de Gori, Esteban and J{\'a}come, Hugo and Jim{\'e}nez, Javier and Long, Guillaume and Mu{\~n}oz, Pabel and Olivia, Nicol{\'a}s and Pa{\'e}z, Jos{\'e} Ram{\'o}n and {P{\'a}ez P{\'e}rez}, Patricio and Ram{\'i}rez, Ren{\'e} and {Serrano Mancilla}, Alfredo and Ubasart, Gemma},
 year = {2015},
 title = {La Nueva Econom{\'i}a en la Nueva Constituci{\'o}n del Ecuador},
 url = {https://cef.sri.gob.ec/pluginfile.php/16814/mod_page/content/58/incluye%20portada%20La%20Nueva%20Econom%C3%83%C2%ADa.pdf},
 address = {Quito},
 urldate = {21/10/2018},
 edition = {1},
 publisher = {{Servicio de Rentas Internas}},
 isbn = {9789942077905},
 series = {PDF},
 institution = {{Servicio de Rentas Internas}}
}


@article{pibusfq,
 author = {Carpio, Juan Fernando},
 year = {2011},
 title = {?`Es el P.I.B un buen indicador de la situaci{\'o}n  econ{\'o}mica de un pa{\'i}s?},
 url = {http://www.usfq.edu.ec/publicaciones/koyuntura/Paginas/revistas/koyuntura020.aspx},
 urldate = {20/10/2018},
 pages = {1--4},
 number = {20 del recuento total},
 journal = {Koyuntura-Revista del Instituto de Econom{\'i}a USFQ}
}

% This file was created with Citavi 6.2.0.12

@book{macroeconomicsmankiw,
 author = {Mankiw, N. Gregory},
 year = {2016},
 title = {Macroeconomics},
 keywords = {Macroeconomics},
 address = {New York},
 edition = {Ninth edition},
 publisher = {{Worth Publishers}},
 isbn = {1464182892}
}



@book{principiosdemankiw,
 author = {Mankiw, N. Gregory},
 year = {2017},
 title = {Principios de Econom{\'i}a},
 keywords = {Econom{\'i}a;Teor{\'i}a econ{\'o}mica},
 address = {M{\'e}xico},
 edition = {S{\'e}ptima edici{\'o}n},
 publisher = {{Cengage Learning Editores}},
 isbn = {6075262156}
}


@misc{rentabilidad:laolivares,
 author = {Olivares, Jos{\'e}},
 date = {2010},
 title = {Rentabilidad: La Estrella: La Clase Ejecutiva},
 url = {http://www.claseejecutiva.cl/wp-content/uploads/2015/11/2010_13_mercurio_6_1.pdf},
 urldate = {20/10/2018},
 number = {6},
 institution = {{Pontificia Universidad Cat{\'o}lica de Chile}}
}


