% This file was created with Citavi 6.4.0.35

@book{Abel.2014,
 author = {Abel, Andrew B. and Bernanke, Ben S. and Croushore, Dean.},
 year = {2014},
 title = {Macroeconomics},
 address = {Boston},
 urlyear = {4/12/2020},
 edition = {8},
 publisher = {Pearson}
}

% This file was created with Citavi 6.4.0.35

@misc{Rosenthal.2020,
 author = {Rosenthal, Jonah and {Figueroa, Mar{\'i}a Paola, Castellano, Mart{\'i}n}},
 year = {2020},
 title = {LatAm Views -- Ecuador's Fiscal Risk},
 url = {https://tinyurl.com/5etfu8vv}
}



@misc{InternationalMonetaryFund.2019,
 author = {{International Monetary Fund}},
 year = {2019},
 title = {World Economic Outlook Database},
 url = {https://www.imf.org/en/Publications/SPROLLs/world-economic-outlook-databases},
 urlyear = {4/12/2020}
}

% This file was created with Citavi 6.4.0.35

@article{.2014,
 year = {2014},
 title = {Las 9 claves para entender la crisis de 1999 y la ca{\'i}da de Mahuad},
 url = {https://www.elcomercio.com/actualidad/mahuad-peculado-feriado-bancario-ecuador.html},
 urlyear = {4/13/2020},
 journal = {El Comercio}
}




% This file was created with Citavi 6.4.0.35

@article{.2012,
 year = {2012},
 title = {Breve rese{\~n}a sobre la historia petrolera del Ecuador},
 url = {https://www.elcomercio.com/actualidad/negocios/breve-resena-historia-petrolera-del.html},
 urlyear = {4/13/2020},
 journal = {El Comercio}
}




@article{LaTorre.2017,
 author = {de {La Torre}, Augusto and Palladares, Jos{\'e} Hidalgo},
 year = {2017},
 title = {La Trampa que Asfixia a la Econom{\'i}a Ecuatoriana.},
 url = {https://www.cordes.org/images/publicaciones/otras/Trampa.pdf},
 urlyear = {4/12/2020},
 pages = {1--45},
 volume = {1},
 number = {1},
 journal = {CORDES: Corporaci{\'o}n de Estudios para el Desarrollo}
}


@book{Mankiw.2010,
 author = {Mankiw, Gregory N.},
 year = {2010},
 title = {Macroeconomics},
 address = {New York},
 urlyear = {4/12/2020},
 edition = {7},
 publisher = {{Worth Publishers}}
}


% This file was created with Citavi 6.4.0.35

@book{Williamson.2014,
 author = {Williamson, Stephen D.},
 year = {2014},
 title = {Macroeconomics I},
 urlyear = {4/12/2020},
 edition = {5},
 publisher = {Pearson}
}

@book{Woolridge.2016,
 author = {Wooldridge, Jeffrey M.},
 year = {2016},
 title = {Introductory Econometrics: A Modern Approach},
 address = {Boston},
 urlyear = {4/12/2020},
 edition = {6},
 publisher = {{Cengage Learning}}
}


@misc{WorldBankGroup.,
 author = {{World Bank Group}},
 title = {How can gross school enrollment ratios be over 100 percent?},
 url = {ttps://datahelpdesk.worldbank.org/knowledgebase/articles/114955-how-can-gross-school-enrollment-ratios-be-over-100}
}


@misc{WorldBankGroup.2019,
 author = {{World Bank Group}},
 year = {2019},
 title = {The World Bank In Ecuador},
 url = {ttps://www.worldbank.org/en/country/ecuador/overview#1}
}


